@FOOTNOTE{Note1,key="Note1",note="A term for a comfortable drinking temperature used in this article describing \protect \href  {https://joeveo.com/pages/the-temperfect-mug}{Temperfect Technology}"}
@CONTROL{REVTEX42Control}
@CONTROL{apsrev42Control,author="08",editor="1",pages="0",title="0",year="1"}
